<?xml version="1.0" encoding="UTF-8" ?>
<?xml-stylesheet type="text/xsl" href="http://gso.gbv.de/sru/?xsl=searchRetrieveResponse" ?>
<srw:searchRetrieveResponse xmlns:srw="http://www.loc.gov/zing/srw/"
			    xmlns:dc="http://purl.org/dc/elements/1.1/"
			    xmlns:diag="http://www.loc.gov/zing/srw/diagnostic/"
			    xmlns:xcql="http://www.loc.gov/zing/cql/xcql/">
    <srw:version>1.1</srw:version>
    <srw:numberOfRecords>1</srw:numberOfRecords>
    <srw:resultSetId>SID07ac6d0a-84S15</srw:resultSetId>
    <srw:records>
    


<srw:record>
<srw:recordSchema>marc21</srw:recordSchema>
<srw:recordPacking>xml</srw:recordPacking>
<srw:recordData>
<record>
<controlfield tag="005">20100914130838.0</controlfield>
<leader>xxxxxnmm a22yyyyy i 4500</leader>
<controlfield tag="001">624773892</controlfield>
<controlfield tag="003">DE-601</controlfield>
<datafield tag="020" ind1=" " ind2=" "><subfield code="a">9783642102844</subfield></datafield>
<datafield tag="024" ind1="7" ind2=" "><subfield code="a">10.1007/978-3-642-10284-4</subfield>
<subfield code="2">doi</subfield></datafield>
<datafield tag="035" ind1=" " ind2=" "><subfield code="a">9783642102837</subfield></datafield>
<datafield tag="035" ind1=" " ind2=" "><subfield code="a">(DE-599)GBV624773892</subfield></datafield>
<controlfield tag="007">crxxxxxxxxxxxx</controlfield>
<controlfield tag="008">100428s2009                  000 0 ger d</controlfield>
<datafield tag="912" ind1=" " ind2=" "><subfield code="a">ZDB-2-STI</subfield></datafield>
<datafield tag="856" ind1="4" ind2="0"><subfield code="u">http://dx.doi.org/10.1007/978-3-642-10284-4</subfield>
<subfield code="3">Volltext</subfield></datafield>
<datafield tag="040" ind1=" " ind2=" "><subfield code="a">GyGoGBV</subfield>
<subfield code="b">ger</subfield>
<subfield code="e">rakwb</subfield></datafield>
<datafield tag="041" ind1="0" ind2=" "><subfield code="a">ger</subfield></datafield>
<datafield tag="533" ind1=" " ind2=" "><subfield code="d">2009</subfield>
<subfield code="7">|2009||||||||||</subfield></datafield>
<datafield tag="245" ind1="0" ind2="0"><subfield code="a">Autonome Mobile Systeme 2009</subfield>
<subfield code="h">[Elektronische Ressource] :</subfield>
<subfield code="b">21. Fachgespräch Karlsruhe, 3./4. Dezember 2009 /</subfield>
<subfield code="c">herausgegeben von Rüdiger Dillmann, Jürgen Beyerer, Christoph Stiller, J. Marius Zöllner, Tobias Gindele.</subfield></datafield>
<datafield tag="700" ind1="1" ind2=" "><subfield code="a">Dillmann, Rüdiger.</subfield></datafield>
<datafield tag="700" ind1="1" ind2=" "><subfield code="a">Beyerer, Jürgen.</subfield></datafield>
<datafield tag="700" ind1="1" ind2=" "><subfield code="a">Gindele, Tobias.</subfield></datafield>
<datafield tag="700" ind1="1" ind2=" "><subfield code="a">Stiller, Christoph.</subfield></datafield>
<datafield tag="700" ind1="1" ind2=" "><subfield code="a">Zöllner, J. Marius.</subfield></datafield>
<datafield tag="710" ind1="2" ind2=" "><subfield code="a">Fachgespräch Autonome Mobile Systeme</subfield>
<subfield code="c">(21, 2009, Karlsruhe)</subfield></datafield>
<datafield tag="533" ind1=" " ind2=" "><subfield code="n">[Online-Ausg.]</subfield></datafield>
<datafield tag="260" ind1=" " ind2=" "><subfield code="a">Berlin [u.a.] :</subfield>
<subfield code="b">Springer,</subfield>
<subfield code="c">2009.</subfield></datafield>
<datafield tag="300" ind1=" " ind2=" "><subfield code="a">Online-Ressource :</subfield>
<subfield code="b">v.: digital.</subfield></datafield>
<datafield tag="550" ind1=" " ind2=" "><subfield code="a">Berlin, Heidelberg: Springer-Verlag Berlin Heidelberg</subfield></datafield>
<datafield tag="490" ind1="0" ind2=" "><subfield code="a">Informatik aktuell</subfield></datafield>
<datafield tag="533" ind1=" " ind2=" "><subfield code="f">Springer eBook Collection </subfield>
<subfield code=" ">Computer Science &#38; Engineering</subfield></datafield>
<datafield tag="533" ind1=" " ind2=" "><subfield code="f">Springer-11774</subfield></datafield>
<datafield tag="650" ind1=" " ind2="0"><subfield code="a">Artificial intelligence</subfield></datafield>
<datafield tag="650" ind1=" " ind2="0"><subfield code="a">Computer science</subfield></datafield>
<datafield tag="650" ind1=" " ind2="0"><subfield code="a">Computer system performance</subfield></datafield>
<datafield tag="650" ind1=" " ind2="0"><subfield code="a">Information systems</subfield></datafield>
<datafield tag="653" ind1=" " ind2="0"><subfield code="a">Artificial intelligence</subfield></datafield>
<datafield tag="653" ind1=" " ind2="0"><subfield code="a">Computer Science</subfield></datafield>
<datafield tag="653" ind1=" " ind2="0"><subfield code="a">Computer science</subfield></datafield>
<datafield tag="653" ind1=" " ind2="0"><subfield code="a">Computer system performance</subfield></datafield>
<datafield tag="653" ind1=" " ind2="0"><subfield code="a">Information systems</subfield></datafield>
<datafield tag="950" ind1=" " ind2=" "><subfield code="a">Robotik</subfield>
<subfield code="a">Kongress</subfield>
<subfield code="2">GBV</subfield></datafield>
<datafield tag="084" ind1=" " ind2=" "><subfield code="a">ZQ 6250</subfield>
<subfield code="2">rvk</subfield></datafield>
<datafield tag="900" ind1=" " ind2=" "><subfield code="a">GBV</subfield>
<subfield code="b">UB Braunschweig &#60;84&#62;</subfield>
<subfield code="f">Vervielfältigungen (z.B. Kopien, Downloads) sind nur von einzelnen Kapiteln oder Seiten und nur zum eigenen wissenschaftlichen Gebrauch erlaubt. Keine Weitergabe an Dritte. Kein systematisches Downloaden durch Robots.</subfield></datafield>
<datafield tag="900" ind1=" " ind2=" "><subfield code="a">GBV</subfield>
<subfield code="b">SUB Bremen &#60;46&#62;</subfield>
<subfield code="f">Freie Nutzung im Campusnetz der Universität und der Hochschulen im Land Bremen</subfield></datafield>
<datafield tag="900" ind1=" " ind2=" "><subfield code="a">GBV</subfield>
<subfield code="b">SUB+Uni Hamburg &#60;18&#62;</subfield>
<subfield code="f">Vervielfältigungen (z.B. Kopien, Downloads) sind nur von einzelnen Kapiteln oder Seiten und nur zum eigenen wissenschaftlichen Gebrauch erlaubt. Keine Weitergabe an Dritte. Kein systematisches Downloaden durch Robots.</subfield></datafield>
<datafield tag="900" ind1=" " ind2=" "><subfield code="a">GBV</subfield>
<subfield code="b">TUB Hamburg &#60;830&#62;</subfield>
<subfield code="f">Vervielfältigungen (z.B. Kopien, Downloads) sind nur von einzelnen Kapiteln oder Seiten und nur zum eigenen wissenschaftlichen Gebrauch erlaubt. Keine Weitergabe an Dritte. Kein systematisches Downloaden durch Robots.</subfield></datafield>
<datafield tag="900" ind1=" " ind2=" "><subfield code="a">GBV</subfield>
<subfield code="b">UB Clausthal &#60;104&#62;</subfield>
<subfield code="f">Vervielfältigungen (z.B. Kopien, Downloads) sind nur von einzelnen Kapiteln oder Seiten und nur zum eigenen wissenschaftlichen Gebrauch erlaubt. Keine Weitergabe an Dritte. Kein systematisches Downloaden.</subfield></datafield>
<datafield tag="900" ind1=" " ind2=" "><subfield code="a">GBV</subfield>
<subfield code="b">THULB Jena &#60;27&#62;</subfield>
<subfield code="f">Vervielfältigungen (z.B. Kopien, Downloads) sind nur von einzelnen Kapiteln oder Seiten und nur zum eigenen wissenschaftlichen Gebrauch erlaubt. Keine Weitergabe an Dritte. Kein systematisches Downloaden.</subfield></datafield>
<datafield tag="900" ind1=" " ind2=" "><subfield code="a">GBV</subfield>
<subfield code="b">HAW Hamburg</subfield>
<subfield code="f">Vervielfältigungen (z.B. Kopien, Downloads) sind nur von einzelnen Kapiteln oder Seiten und nur zum eigenen wissenschaftlichen Gebrauch erlaubt. Keine Weitergabe an Dritte. Kein systematisches Downloaden durch Robots.</subfield></datafield>
<datafield tag="900" ind1=" " ind2=" "><subfield code="a">GBV</subfield>
<subfield code="b">HAWK HHG &#60;Hil 3&#62;</subfield>
<subfield code="f">Vervielfältigungen (z.B. Kopien, Downloads) sind nur von einzelnen Kapiteln oder Seiten und nur zum eigenen wissenschaftlichen Gebrauch erlaubt. Keine Weitergabe an Dritte. Kein systematisches Downloaden durch Robots.</subfield>
<subfield code="f">Freie Nutzung im Campusnetz der Hochschule und für registrierte Benutzer</subfield></datafield>
<datafield tag="900" ind1=" " ind2=" "><subfield code="a">GBV</subfield>
<subfield code="b">HSU Hamburg &#60;705&#62;</subfield>
<subfield code="f">Vervielfältigungen (z.B. Kopien, Downloads) sind nur von einzelnen Kapiteln oder Seiten und nur zum eigenen wissenschaftlichen Gebrauch erlaubt. Keine Weitergabe an Dritte. Kein systematisches Downloaden durch Robots.</subfield></datafield>
<datafield tag="900" ind1=" " ind2=" "><subfield code="a">GBV</subfield>
<subfield code="b">UB Rostock &#60;28&#62;</subfield>
<subfield code="f">Vervielfältigungen (z.B. Kopien, Downloads) sind nur von einzelnen Kapiteln oder Seiten und nur zum eigenen wissenschaftlichen Gebrauch erlaubt. Keine Weitergabe an Dritte. Kein systematisches Downloaden durch Robots.</subfield></datafield>
<datafield tag="900" ind1=" " ind2=" "><subfield code="a">GBV</subfield>
<subfield code="b">UB Greifswald &#60;9&#62;</subfield>
<subfield code="f">Vervielfältigungen (z.B. Kopien, Downloads) sind nur von einzelnen Kapiteln oder Seiten und nur zum eigenen wissenschaftlichen Gebrauch erlaubt. Keine Weitergabe an Dritte. Kein systematisches Downloaden durch Robots.</subfield></datafield>
<datafield tag="900" ind1=" " ind2=" "><subfield code="a">GBV</subfield>
<subfield code="b">TIB/UB Hannover &#60;89&#62;</subfield>
<subfield code="f">Campusweiter Zugriff (Universität Hannover). - Vervielfältigungen (z.B. Kopien, Downloads) sind nur von einzelnen Kapiteln oder Seiten und nur zum eigenen wissenschaftlichen Gebrauch erlaubt. Keine Weitergabe an Dritte. Kein systematisches Downloaden durch Robots.</subfield>
<subfield code="f">Erworben aus Studienbeiträgen</subfield></datafield>
<datafield tag="900" ind1=" " ind2=" "><subfield code="a">GBV</subfield>
<subfield code="b">HAWK HHG &#60;Hil 3&#62;</subfield>
<subfield code="f">Vervielfältigungen (z.B. Kopien, Downloads) sind nur von einzelnen Kapiteln oder Seiten und nur zum eigenen wissenschaftlichen Gebrauch erlaubt. Keine Weitergabe an Dritte. Kein systematisches Downloaden durch Robots.</subfield>
<subfield code="f">Freie Nutzung im Campusnetz der Hochschule und für registrierte Benutzer</subfield></datafield>
<datafield tag="900" ind1=" " ind2=" "><subfield code="a">GBV</subfield>
<subfield code="b">UB Magdeburg &#60;Ma 9&#62;</subfield>
<subfield code="f">Vervielfältigungen (z.B. Kopien, Downloads) sind nur von einzelnen Kapiteln oder Seiten und nur zum eigenen wissenschaftlichen Gebrauch erlaubt. Keine Weitergabe an Dritte. Kein systematisches Downloaden durch Robots.</subfield></datafield>
<datafield tag="900" ind1=" " ind2=" "><subfield code="a">GBV</subfield>
<subfield code="b">MZB Magdeburg &#60;Ma 14&#62;</subfield>
<subfield code="f">Vervielfältigungen (z.B. Kopien, Downloads) sind nur von einzelnen Kapiteln oder Seiten und nur zum eigenen wissenschaftlichen Gebrauch erlaubt. Keine Weitergabe an Dritte. Kein systematisches Downloaden durch Robots.</subfield></datafield>
<datafield tag="900" ind1=" " ind2=" "><subfield code="a">GBV</subfield>
<subfield code="b">ZHSB Lübeck &#60;841&#62;</subfield>
<subfield code="f">Campuslizenz Universität / Fachhochschule Lübeck. - Vervielfältigungen (z.B. Kopien, Downloads) sind nur von einzelnen Kapiteln oder Seiten und nur zum eigenen wissenschaftlichen Gebrauch erlaubt. Keine Weitergabe an Dritte. Kein systematisches Downloaden durch Robots.</subfield></datafield>
<datafield tag="900" ind1=" " ind2=" "><subfield code="a">GBV</subfield>
<subfield code="b">UB Lueneburg &#60;Luen 4&#62;</subfield>
<subfield code="f">Vervielfältigungen (z.B. Kopien, Downloads) sind nur von einzelnen Kapiteln oder Seiten und nur zum eigenen wissenschaftlichen Gebrauch erlaubt. Keine Weitergabe an Dritte. Kein systematisches Downloaden durch Robots.</subfield></datafield>
<datafield tag="900" ind1=" " ind2=" "><subfield code="a">GBV</subfield>
<subfield code="b">FH Anhalt &#60;Kt 1&#62;</subfield>
<subfield code="f">Campusweiter Zugriff HSA - Vervielfältigungen (z.B. Kopien, Downloads) sind nur von einzelnen Kapiteln oder Seiten und nur zum eigenen wissenschaftlichen Gebrauch erlaubt. Keine Weitergabe an Dritte. Kein systematisches Downloaden durch Robots.</subfield></datafield>
<datafield tag="900" ind1=" " ind2=" "><subfield code="a">GBV</subfield>
<subfield code="b">Jade HSB Oldenburg &#60;897&#62;</subfield>
<subfield code="f">Vervielfältigungen (z.B. Kopien, Downloads) sind nur von einzelnen Kapiteln oder Seiten und nur zum eigenen wissenschaftlichen Gebrauch erlaubt. Keine Weitergabe an Dritte. Kein systematisches Downloaden durch Robots.</subfield></datafield>
<datafield tag="900" ind1=" " ind2=" "><subfield code="a">GBV</subfield>
<subfield code="b">Hochschule Osnabrück &#60;959&#62;</subfield>
<subfield code="f">Vervielfältigungen (z.B. Kopien, Downloads) sind nur von einzelnen Kapiteln oder Seiten und nur zum eigenen wissenschaftlichen Gebrauch erlaubt. Keine Weitergabe an Dritte. Kein systematisches Downloaden.</subfield></datafield>
<datafield tag="900" ind1=" " ind2=" "><subfield code="a">GBV</subfield>
<subfield code="b">HS Wismar &#60;Wis 1&#62;</subfield>
<subfield code="f">Vervielfältigungen (z.B. Kopien, Downloads) sind nur von einzelnen Kapiteln oder Seiten und nur zum eigenen wissenschaftlichen Gebrauch erlaubt. Keine Weitergabe an Dritte. Kein systematisches Downloaden durch Robots.</subfield></datafield>
<datafield tag="900" ind1=" " ind2=" "><subfield code="a">GBV</subfield>
<subfield code="b">Jade HSB Wilhelmshaven &#60;839&#62;</subfield>
<subfield code="f">Vervielfältigungen (z.B. Kopien, Downloads) sind nur von einzelnen Kapiteln oder Seiten und nur zum eigenen wissenschaftlichen Gebrauch erlaubt. Keine Weitergabe an Dritte. Kein systematisches Downloaden durch Robots.</subfield></datafield>
<datafield tag="900" ind1=" " ind2=" "><subfield code="a">GBV</subfield>
<subfield code="b">HSB Emden/Leer &#60;755&#62;</subfield>
<subfield code="f">Vervielfältigungen (z.B. Kopien, Downloads) sind nur von einzelnen Kapiteln oder Seiten und nur zum eigenen wissenschaftlichen Gebrauch erlaubt. Keine Weitergabe an Dritte. Kein systematisches Downloaden durch Robots.</subfield></datafield>
<datafield tag="900" ind1=" " ind2=" "><subfield code="a">GBV</subfield>
<subfield code="b">FH Hannover &#60;960&#62;</subfield>
<subfield code="f">Campusweiter Zugriff (Fachhochschule Hannover). - Vervielfältigungen (z.B. Kopien, Downloads) sind nur von einzelnen Kapiteln oder Seiten und nur zum eigenen wissenschaftlichen Gebrauch erlaubt. Keine Weitergabe an Dritte. Kein systematisches Downloaden durch Robots.</subfield></datafield>
<datafield tag="900" ind1=" " ind2=" "><subfield code="a">GBV</subfield>
<subfield code="b">Ostfalia HaW Wolfenbüttel &#60;916</subfield>
<subfield code="f">Zugriff nur aus dem Hochschulnetz. Vervielfältigungen nur für den eigenen wissenschaftlichen Gebrauch.</subfield></datafield>
<datafield tag="900" ind1=" " ind2=" "><subfield code="a">GBV</subfield>
<subfield code="b">FH Stralsund &#60;Sra 5&#62;</subfield>
<subfield code="f">Vervielfältigungen (z.B. Kopien, Downloads) sind nur von einzelnen Kapiteln oder Seiten und nur zum eigenen wissenschaftlichen Gebrauch erlaubt. Keine Weitergabe an Dritte. Kein systematisches Downloaden.</subfield></datafield>
<datafield tag="900" ind1=" " ind2=" "><subfield code="a">GBV</subfield>
<subfield code="b">HS Neubrandenburg &#60;519&#62;</subfield>
<subfield code="f">Vervielfältigungen (z.B. Kopien, Downloads) sind nur von einzelnen Kapiteln oder Seiten und nur zum eigenen wissenschaftlichen Gebrauch erlaubt. Keine Weitergabe an Dritte. Kein systematisches Downloaden durch Robots.</subfield></datafield>
<datafield tag="900" ind1=" " ind2=" "><subfield code="a">GBV</subfield>
<subfield code="b">HS Magdeburg-Stendal &#60;551&#62;</subfield>
<subfield code="f">Campusweiter Zugriff (HS Magdeburg-Stendal). - Vervielfältigungen (z.B. Kopien, Downloads) sind nur von einzelnen Kapiteln oder Seiten und nur zum eigenen wissenschaftlichen Gebrauch erlaubt. Keine Weitergabe an Dritte. Kein systematisches Downloaden durch Robots.</subfield></datafield>
<datafield tag="900" ind1=" " ind2=" "><subfield code="a">GBV</subfield>
<subfield code="b">HS MD-SDL (Stendal) &#60;552&#62;</subfield>
<subfield code="f">Campusweiter Zugriff (HS Magdeburg-Stendal). - Vervielfältigungen (z.B. Kopien, Downloads) sind nur von einzelnen Kapiteln oder Seiten und nur zum eigenen wissenschaftlichen Gebrauch erlaubt. Keine Weitergabe an Dritte. Kein systematisches Downloaden durch Robots.</subfield></datafield>
<datafield tag="900" ind1=" " ind2=" "><subfield code="a">GBV</subfield>
<subfield code="b">Jade HSB Elsfleth &#60;897/1&#62;</subfield>
<subfield code="f">Vervielfältigungen (z.B. Kopien, Downloads) sind nur von einzelnen Kapiteln oder Seiten und nur zum eigenen wissenschaftlichen Gebrauch erlaubt. Keine Weitergabe an Dritte. Kein systematisches Downloaden durch Robots.</subfield></datafield>
<datafield tag="900" ind1=" " ind2=" "><subfield code="a">GBV</subfield>
<subfield code="b">Bibl. Kurt-Schwitters-F. &#60;960/3&#62;</subfield>
<subfield code="f">Campusweiter Zugriff (Fachhochschule Hannover). - Vervielfältigungen (z.B. Kopien, Downloads) sind nur von einzelnen Kapiteln oder Seiten und nur zum eigenen wissenschaftlichen Gebrauch erlaubt. Keine Weitergabe an Dritte. Kein systematisches Downloaden durch Robots.</subfield></datafield>
<datafield tag="900" ind1=" " ind2=" "><subfield code="a">GBV</subfield>
<subfield code="b">HCU Hamburg &#60;1373&#62;</subfield>
<subfield code="f">Vervielfältigungen (z.B. Kopien, Downloads) sind nur von einzelnen Kapiteln oder Seiten und nur zum eigenen wissenschaftlichen Gebrauch erlaubt. Keine Weitergabe an Dritte. Kein systematisches Downloaden durch Robots.</subfield></datafield>
<datafield tag="954" ind1=" " ind2=" "><subfield code="a">20</subfield>
<subfield code="b">1157532454</subfield>
<subfield code="c">01</subfield>
<subfield code="x">0084</subfield></datafield>
<datafield tag="954" ind1=" " ind2=" "><subfield code="a">21</subfield>
<subfield code="b">1157495745</subfield>
<subfield code="c">01</subfield>
<subfield code="x">0046</subfield></datafield>
<datafield tag="954" ind1=" " ind2=" "><subfield code="a">22</subfield>
<subfield code="b">1157526594</subfield>
<subfield code="c">01</subfield>
<subfield code="x">0018</subfield></datafield>
<datafield tag="954" ind1=" " ind2=" "><subfield code="a">23</subfield>
<subfield code="b">1157531199</subfield>
<subfield code="c">01</subfield>
<subfield code="x">0830</subfield></datafield>
<datafield tag="954" ind1=" " ind2=" "><subfield code="a">30</subfield>
<subfield code="b">1157468586</subfield>
<subfield code="c">01</subfield>
<subfield code="x">0104</subfield></datafield>
<datafield tag="954" ind1=" " ind2=" "><subfield code="a">31</subfield>
<subfield code="b">1157527922</subfield>
<subfield code="c">01</subfield>
<subfield code="x">0027</subfield></datafield>
<datafield tag="954" ind1=" " ind2=" "><subfield code="a">34</subfield>
<subfield code="b">115747697X</subfield>
<subfield code="c">01</subfield>
<subfield code="x">3551</subfield></datafield>
<datafield tag="954" ind1=" " ind2=" "><subfield code="a">53</subfield>
<subfield code="b">1157473652</subfield>
<subfield code="c">01</subfield>
<subfield code="x">3053</subfield></datafield>
<datafield tag="954" ind1=" " ind2=" "><subfield code="a">60</subfield>
<subfield code="b">1157494110</subfield>
<subfield code="c">01</subfield>
<subfield code="x">0705</subfield></datafield>
<datafield tag="954" ind1=" " ind2=" "><subfield code="a">62</subfield>
<subfield code="b">1157548431</subfield>
<subfield code="c">01</subfield>
<subfield code="x">0028</subfield></datafield>
<datafield tag="954" ind1=" " ind2=" "><subfield code="a">69</subfield>
<subfield code="b">1157533779</subfield>
<subfield code="c">01</subfield>
<subfield code="x">0009</subfield></datafield>
<datafield tag="954" ind1=" " ind2=" "><subfield code="a">70</subfield>
<subfield code="b">115752866X</subfield>
<subfield code="c">01</subfield>
<subfield code="x">0089</subfield></datafield>
<datafield tag="954" ind1=" " ind2=" "><subfield code="a">91</subfield>
<subfield code="b">1157472257</subfield>
<subfield code="c">01</subfield>
<subfield code="x">3091</subfield></datafield>
<datafield tag="954" ind1=" " ind2=" "><subfield code="a">100</subfield>
<subfield code="b">1157539610</subfield>
<subfield code="c">01</subfield>
<subfield code="x">3100</subfield></datafield>
<datafield tag="954" ind1=" " ind2=" "><subfield code="a">101</subfield>
<subfield code="b">1157543650</subfield>
<subfield code="c">01</subfield>
<subfield code="x">3101</subfield></datafield>
<datafield tag="954" ind1=" " ind2=" "><subfield code="a">105</subfield>
<subfield code="b">1157550649</subfield>
<subfield code="c">01</subfield>
<subfield code="x">0841</subfield></datafield>
<datafield tag="954" ind1=" " ind2=" "><subfield code="a">110</subfield>
<subfield code="b">1157535690</subfield>
<subfield code="c">01</subfield>
<subfield code="x">3110</subfield></datafield>
<datafield tag="954" ind1=" " ind2=" "><subfield code="a">118</subfield>
<subfield code="b">1157478875</subfield>
<subfield code="c">01</subfield>
<subfield code="x">3329</subfield></datafield>
<datafield tag="954" ind1=" " ind2=" "><subfield code="a">122</subfield>
<subfield code="b">1157474357</subfield>
<subfield code="c">01</subfield>
<subfield code="x">0897</subfield></datafield>
<datafield tag="954" ind1=" " ind2=" "><subfield code="a">132</subfield>
<subfield code="b">1157475310</subfield>
<subfield code="c">01</subfield>
<subfield code="x">0959</subfield></datafield>
<datafield tag="954" ind1=" " ind2=" "><subfield code="a">136</subfield>
<subfield code="b">1157494854</subfield>
<subfield code="c">01</subfield>
<subfield code="x">3526</subfield></datafield>
<datafield tag="954" ind1=" " ind2=" "><subfield code="a">140</subfield>
<subfield code="b">1157474470</subfield>
<subfield code="c">01</subfield>
<subfield code="x">0839</subfield></datafield>
<datafield tag="954" ind1=" " ind2=" "><subfield code="a">160</subfield>
<subfield code="b">1157474594</subfield>
<subfield code="c">01</subfield>
<subfield code="x">0755</subfield></datafield>
<datafield tag="954" ind1=" " ind2=" "><subfield code="a">161</subfield>
<subfield code="b">1157470122</subfield>
<subfield code="c">01</subfield>
<subfield code="x">0960</subfield></datafield>
<datafield tag="954" ind1=" " ind2=" "><subfield code="a">164</subfield>
<subfield code="b">115746937X</subfield>
<subfield code="c">01</subfield>
<subfield code="x">0916</subfield></datafield>
<datafield tag="954" ind1=" " ind2=" "><subfield code="a">185</subfield>
<subfield code="b">1157476236</subfield>
<subfield code="c">01</subfield>
<subfield code="x">3519</subfield></datafield>
<datafield tag="954" ind1=" " ind2=" "><subfield code="a">186</subfield>
<subfield code="b">1157493432</subfield>
<subfield code="c">01</subfield>
<subfield code="x">0519</subfield></datafield>
<datafield tag="954" ind1=" " ind2=" "><subfield code="a">213</subfield>
<subfield code="b">1157492193</subfield>
<subfield code="c">01</subfield>
<subfield code="x">0551</subfield></datafield>
<datafield tag="954" ind1=" " ind2=" "><subfield code="a">230</subfield>
<subfield code="b">1157492541</subfield>
<subfield code="c">01</subfield>
<subfield code="x">0552</subfield></datafield>
<datafield tag="954" ind1=" " ind2=" "><subfield code="a">264</subfield>
<subfield code="b">1157474713</subfield>
<subfield code="c">01</subfield>
<subfield code="x">3264</subfield></datafield>
<datafield tag="954" ind1=" " ind2=" "><subfield code="a">293</subfield>
<subfield code="b">1157470874</subfield>
<subfield code="c">01</subfield>
<subfield code="x">3293</subfield></datafield>
<datafield tag="954" ind1=" " ind2=" "><subfield code="a">370</subfield>
<subfield code="b">115747859X</subfield>
<subfield code="c">01</subfield>
<subfield code="x">4370</subfield></datafield></record></srw:recordData><srw:recordPosition>1</srw:recordPosition></srw:record>
</srw:records>
    <srw:echoedSearchRetrieveRequest>
	<srw:version>1.1</srw:version>
	<srw:query>pica.ppn+%3D+%22624773892%22</srw:query>
	<srw:xQuery><xcql:searchClause><xcql:index>pica.ppn</xcql:index><xcql:relation><xcql:value>=</xcql:value></xcql:relation><xcql:term>"624773892"</xcql:term></xcql:searchClause></srw:xQuery>
	<startRecord>1</startRecord>
	<maximumRecords>10</maximumRecords>
	<srw:recordPacking>xml</srw:recordPacking>
	<srw:recordSchema>marc21</srw:recordSchema>
	
	<srw:stylesheet>http://gso.gbv.de/sru/?xsl=searchRetrieveResponse</srw:stylesheet>
    </srw:echoedSearchRetrieveRequest>
    <diag:diagnostics>
        <diag:uri>info:srw/diagnostic/1/0</diag:uri>
	
	
    </diag:diagnostics>
    <srw:extraResponseData>
	<rob:authenticationToken xmlns:rob="info:srw/extension/2/auth-1.0">U958024,K8001LOGIN,D2.1,E07ac6d0a-84,I40,B0007%2F0333+,SY,A%5C9008+J,,1,,U,,4,,7,,M,H7-23,,30,,73,,76-77,,80-90,NSUB+GOETTINGEN,L8001LOGIN,R134.76.21.37,FN,O8001LOGIN</rob:authenticationToken>
        <mg:resultGrouping xmlns:mg="info:srw/extension/5/metadata-grouping-v1.0">
	    
	    <mg:grouping key="9008" description="Sysflag"></mg:grouping>
	    
	    <mg:grouping key="9001" description="Materialart"></mg:grouping>
	    
	    <mg:grouping key="9000" description="Erscheinungsjahr"></mg:grouping>
	    
	    <mg:grouping key="9006" description="Zeitraum"></mg:grouping>
	    
	    <mg:grouping key="9005" description="Ländercode"></mg:grouping>
	    
	    <mg:grouping key="9002" description="Region"></mg:grouping>
	    
	    <mg:grouping key="9004" description="Sprachcode"></mg:grouping>
	    
	    
	</mg:resultGrouping>
    </srw:extraResponseData>
</srw:searchRetrieveResponse>